% This file was created with JabRef 2.6.
% Encoding: UTF-8

@MISC{website:cisco-span,
  author = {Cisco},
  title = {Catalyst Switched Port Analyzer (SPAN) Configuration Example},
  month = {May},
  year = {2011},
  crossref = {SPAN},
  howpublished = {\url{http://www.cisco.com/en/US/products/hw/switches/ps708/products_tech_note09186a008015c612.shtml}}
}

@comment{jabref-meta: selector_publisher:}

@comment{jabref-meta: selector_author:}

@comment{jabref-meta: selector_journal:}

@comment{jabref-meta: selector_keywords:}

